ISA*00*          *00*          *14*0499441430000  *ZZ*PAPER REMITS   *110630*1034*^*00501*000001600*1*P*+~GS*HP*049944143-0001*PAPER REMITS*20130629*10260000*0*X*005010X221A1~ST*835*000000266~BPR*C*100*C*CHK************20130629~TRN*1*007869903*1610647538~DTM*405*20130329~N1*PR*HUMANA INC.~N3*P.O. BOX 14601~N4*LEXINGTON*KY*405124601~PER*BL~N1*PE*BELLEVUE CLINIC*XX*1205062163~N3*2100 NORTHRUP~N4*BELLEVUE*WA*981019999~REF*TJ*912222222~LX*1~TS3*1053384214*11*20131231*3*100~CLP*340598*1*900*900**16*$TargetTrackingID*11*1~NM1*QC*1*SMITH*JANE****MI*555121234~NM1*82*1*SINGH*GARY****XX*1730207317~REF*CE*MEDICARE ADVANTAGE HMO FLORIDA~DTM*232*20130330~DTM*233*20130330~DTM*050*20130301~SVC*HC+99213*900*900**1~DTM*472*20130330~LQ*HE*N111~SE*25*000000266~GE*1*0~IEA*1*000001600~