ISA*00*          *00*          *01*REGIONALHEALTH *01*HEALTHYLIFEPLAN*121001*0923*^*00501*018818297*1*P*+
GS*HP*REGIONALHEALTH*HEALTHYLIFEPLAN*20131001*08330000*1*X*005010X221A1
ST*835*0001
BPR*I*14675.77*C*ACH*CCP*01*31100209*DA*38153758*1391263473**01*091000022*DA*140010008401*20131001
TRN*1*001290011578907*1391263473
REF*EV*030240928
DTM*405*20131001
N1*PR*HUMANA INC.
N3*P.O. BOX 14601
N4*LEXINGTON*KY*405124601
PER*BL
N1*PE*ST LUKES HOSPITAL*XX*1801835970
N3*915 E 1ST ST
N4*DULUTH*MN*558052107
REF*TJ*410714079
LX*1
TS3*1801835970*13*20111231*10*90308.46
CLP*VSHU3797*1*3096.85*806.36*50*16*658537346*13*1
NM1*QC*1*GUSTAFSON*LESTER****MI*H58701677
NM1*82*2*ST LUKES HOSPTIAL*****XX*1801835970
REF*1L*0Q713601
REF*CE*MEDICARE ADVANTAGE PPO
DTM*232*20111025
DTM*233*20111026
DTM*050*20111108
SVC*NU+0250*44.85*0**1
DTM*472*20111026
CAS*CO*45*44.85
SVC*HC+95811*3052*806.36*0740*1
DTM*472*20111025
CAS*PR*3*50
CAS*CO*45*2195.64
AMT*B6*856.36
CLP*VSHU4493*1*532.51*69.36**16*658537920*13*1
NM1*QC*1*DODGE*MAUREEN****MI*H09000271
NM1*82*2*ST LUKES HOSPITAL*****XX*1801835970
REF*1L*0Q713601
REF*CE*MEDICARE ADVANTAGE PPO
DTM*232*20111019
DTM*233*20111019
DTM*050*20111108
SVC*HC+80053*249*15.61*0300*1
DTM*472*20111019
CAS*CO*45*233.39
AMT*B6*15.61
SVC*HC+84439*92.13*13.32*0300*1
DTM*472*20111019
CAS*CO*45*78.81
AMT*B6*13.32
SVC*HC+84443*106.05*24.82*0300*1
DTM*472*20111019
CAS*CO*45*81.23
AMT*B6*24.82
SVC*HC+G0123*85.33*15.61*0311*1
DTM*472*20111019
CAS*CO*45*69.72
AMT*B6*15.61
CLP*VSHT7570*1*60833.71*7870.27*50*16*657379584*13*1
NM1*QC*1*PREVOST*RICHARD*J***MI*H44401589
NM1*82*2*ST LUKES HOSPTIAL*****XX*1801835970
REF*1L*0Q717802
REF*CE*MEDICARE ADVANTAGE PPO
DTM*232*20111019
DTM*233*20111019
DTM*050*20111103
SVC*HC+36415*20*0*0300*1
DTM*472*20111019
CAS*PR*3*3
CAS*CO*45*17
AMT*B6*3
SVC*HC+82565*47*0*0300*1
DTM*472*20111019
CAS*PR*3*7.22
CAS*CO*45*39.78
AMT*B6*7.22
SVC*HC+85025*92.7*0*0300*1
DTM*472*20111019
CAS*PR*3*10.94
CAS*CO*45*81.76
AMT*B6*10.94
SVC*HC+79101*698.1*205.27*0342*1
DTM*472*20111019
CAS*PR*3*28.84
CAS*CO*45*463.99
AMT*B6*234.11
SVC*HC+A9604*59975.91*7665*0344*1**3
DTM*472*20111019
CAS*CO*45*52310.91
AMT*B6*7665
CLP*VSHU4668*1*942*162.61*50*16*658537921*13*1
NM1*QC*1*SCHWARZKOPF*LOIS*I***MI*H55016136
NM1*82*2*ST LUKES HOSPITAL*****XX*1801835970
REF*1L*0Q717802
REF*CE*MEDICARE ADVANTAGE PPO
DTM*232*20111031
DTM*233*20111031
DTM*050*20111108
SVC*HC+70486*942*162.61*0350*1
DTM*472*20111031
CAS*PR*3*50
CAS*CO*45*729.39
AMT*B6*212.61
CLP*VSHU4581*1*287*118.27**16*658537926*13*1
NM1*QC*1*STGERMAINE*JEAN*A***MI*H44739990
NM1*82*2*ST LUKES HOSPITAL*****XX*1801835970
REF*1L*0Q717802
REF*CE*MEDICARE ADVANTAGE PPO
DTM*232*20111101
DTM*233*20111101
DTM*050*20111108
SVC*HC+77052*55*8.6*0403*1
DTM*472*20111101
CAS*CO*45*46.4
AMT*B6*8.6
SVC*HC+G0202*232*109.67*0403*1
DTM*472*20111101
CAS*CO*45*122.33
AMT*B6*109.67
CLP*VSHU4522*1*287*118.27**16*658537925*13*1
NM1*QC*1*PROUTY*LORALEE****MI*H50881681
NM1*82*2*ST LUKES HOSPITAL*****XX*1801835970
REF*1L*0Q717802
REF*CE*MEDICARE ADVANTAGE PPO
DTM*232*20111101
DTM*233*20111101
DTM*050*20111108
SVC*HC+77052*55*8.6*0403*1
DTM*472*20111101
CAS*CO*45*46.4
AMT*B6*8.6
SVC*HC+G0202*232*109.67*0403*1
DTM*472*20111101
CAS*CO*45*122.33
AMT*B6*109.67
CLP*VSHU4529*1*2974.88*324.18*50*16*58658537919*13*1
NM1*QC*1*MARBLE*BARBARA*J***MI*H56958373
NM1*74*1*MARBLE*BARBARA****C*H56958373
NM1*82*2*ST LUKES HOSPITAL*****XX*1801835970
REF*1L*0Q717802
REF*CE*MEDICARE ADVANTAGE PPO
REF*G1*024440837
DTM*232*20130202
DTM*233*20130202
DTM*050*20131001
SVC*NU+0272*25.88*0**1
DTM*472*20130202
CAS*CO*45*25.88
SVC*HC+82565*47*0*0300*1
DTM*472*20130202
CAS*PR*3*7.58
CAS*CO*45*39.42
AMT*B6*7.58
SVC*HC+74178*2852*324.18*0350*1
DTM*472*20130202
CAS*PR*3*42.42
CAS*CO*45*2485.4
AMT*B6*366.6
SVC*HC+Q9967*50*0*0636*125
DTM*472*20130202
CAS*CO*45*50
CLP*VSHU3567*1*4836.68*1709.51*150*16*658537352*13*1
NM1*QC*1*CHAMBERS*FRANKLIN*L***MI*H52795179
NM1*74*1*CHAMBERS*FRANKLIN****C*H52795179
NM1*82*2*ST LUKES HOSPTIAL*****XX*1801835970
REF*1L*0Q717802
REF*CE*MEDICARE ADVANTAGE PPO
DTM*232*20111101
DTM*233*20111101
DTM*050*20111108
SVC*NU+0250*660.92*0**12
DTM*472*20111101
CAS*CO*45*660.92
SVC*NU+0276*520.95*0**1
DTM*472*20111101
CAS*CO*45*520.95
SVC*HC+82948*27*4.67*0300*1
DTM*472*20111101
CAS*CO*45*22.33
AMT*B6*4.67
SVC*HC+66984+RT*2649.36*1704.84*0360*1
DTM*472*20111101
CAS*PR*3*150
CAS*CO*45*794.52
AMT*B6*1854.84
SVC*NU+0370*694.8*0**36
DTM*472*20111101
CAS*CO*45*694.8
SVC*HC+J2250*87*0*0636*2
DTM*472*20111101
CAS*CO*45*87
SVC*HC+J2930*62.15*0*0636*1
DTM*472*20111101
CAS*CO*45*62.15
SVC*HC+J3010*43.5*0*0636*1
DTM*472*20111101
CAS*CO*45*43.5
SVC*HC+J3470*91*0*0636*1
DTM*472*20111101
CAS*CO*45*91
CLP*VSHU4530*1*2934.67*600.98*150*16*658537923*13*1
NM1*QC*1*MITCHELL*GERTRUDE****MI*H00107034
NM1*74*1*MITCHELL*GERTRUDE****C*H00107034
NM1*82*2*ST LUKES HOSPITAL*****XX*1801835970
REF*1L*0Q717802
REF*CE*MEDICARE ADVANTAGE PPO
DTM*232*20111102
DTM*233*20111102
DTM*050*20111108
SVC*NU+0250*110.16*0**3
DTM*472*20111102
CAS*CO*45*110.16
SVC*HC+88305*564*80.03*0310*2
DTM*472*20111102
CAS*CO*45*483.97
AMT*B6*80.03
SVC*NU+0370*463.2*0**24
DTM*472*20111102
CAS*CO*45*463.2
SVC*HC+43239*1797.31*520.95*0750*1
DTM*472*20111102
CAS*PR*3*150
CAS*CO*45*1126.36
AMT*B6*670.95
CLP*VSHU3257*1*13583.16*2895.96*150*16*658537355*13*1
NM1*QC*1*JOHNSON*JOANNE*N***MI*H52906566
NM1*74*1*JOHNSON*JOANNE****C*H52906566
NM1*82*2*ST LUKES HOSPTIAL*****XX*1801835970
REF*1L*0Q717802
REF*CE*MEDICARE ADVANTAGE PPO
DTM*232*20111031
DTM*233*20111031
DTM*050*20111108
SVC*NU+0250*557.02*0**4
DTM*472*20111031
CAS*CO*45*557.02
SVC*NU+0271*49.01*0**2
DTM*472*20111031
CAS*CO*45*49.01
SVC*NU+0272*191.34*0**3
DTM*472*20111031
CAS*CO*45*191.34
SVC*HC+C1769*50.99*0*0272*1
DTM*472*20111031
CAS*CO*45*50.99
SVC*HC+C1887*115.61*0*0272*1
DTM*472*20111031
CAS*CO*45*115.61
SVC*HC+C1894*153.18*0*0272*1
DTM*472*20111031
CAS*CO*45*153.18
SVC*HC+C1760*115.61*0*0278*1
DTM*472*20111031
CAS*CO*45*115.61
SVC*HC+36415*20*3.15*0300*1
DTM*472*20111031
CAS*CO*45*16.85
AMT*B6*3.15
SVC*HC+80048*150*12.51*0300*1
DTM*472*20111031
CAS*CO*45*137.49
AMT*B6*12.51
SVC*HC+85027*76*9.57*0300*1
DTM*472*20111031
CAS*CO*45*66.43
AMT*B6*9.57
SVC*HC+94762*252*0*0460*1
DTM*472*20111031
CAS*CO*45*252
SVC*HC+93454*11113*2840.83*0481*1
DTM*472*20111031
CAS*PR*3*150
CAS*CO*45*8122.17
AMT*B6*2990.83
SVC*HC+J1644*245.06*0*0636*13
DTM*472*20111031
CAS*CO*45*245.06
SVC*HC+J2250*43.5*0*0636*2
DTM*472*20111031
CAS*CO*45*43.5
SVC*HC+J3010*43.5*0*0636*1
DTM*472*20111031
CAS*CO*45*43.5
SVC*HC+Q9967*271.34*0*0636*1
DTM*472*20111031
CAS*CO*45*271.34
SVC*HC+93005+59*136*29.9*0730*1
DTM*472*20111031
CAS*CO*45*106.1
AMT*B6*29.9
SE*288*0001
GE*1*1
IEA*1*018818297
