ISA*00*          *00*          *14*0499441430000  *ZZ*PAPER REMITS   *131230*1034*^*00501*000001600*1*P*+~GS*HP*049944143-0001*PAPER REMITS*20131230*10260000*0*X*005010X221A1~ST*835*000000266~BPR*C*0*C*CHK************20131230~TRN*1*007869903*1610647538~DTM*405*20130629~N1*PR*HUMANA INC.~N3*P.O. BOX 14601~N4*LEXINGTON*KY*405124601~PER*BL~N1*PE*BELLEVUE CLINIC*XX*1205062163~N3*2100 NORTHRUP~N4*BELLEVUE*WA*981019999~REF*TJ*912222222~LX*1~TS3*1053384214*11*20131231*3*600~CLP*555121234*1*300*0*300*16*$TargetTrackingID*11*1~NM1*QC*1*SMITH*JANE****MI*555121234~NM1*82*1*SINGH*GARY****XX*1730207317~REF*CE*MEDICARE ADVANTAGE HMO FLORIDA~DTM*232*20130330~DTM*233*20130330~DTM*050*20130301~SVC*HC+99213*100*0**1~DTM*472*20130330~CAS*PR*100*100~REF*6R*55555555~LQ*HE*N111~SVC*HC+99213*100*0**1~DTM*472*20130330~CAS*PR*100*100~REF*6R*66666666~LQ*HE*N111~SVC*HC+99213*100*0**1~DTM*472*20130330~CAS*PR*100*100~REF*6R*77777777~LQ*HE*N111~CLP*PT00001041*1*300*0*300*16*$TargetTrackingID*11*1~NM1*QC*1*CAMPIONE*ADENIRIA*S.***MI*H40262112~NM1*82*1*OCANA*ANTONIO****XX*1053384214~REF*1L*0M452501~REF*CE*MEDICARE ADVANTAGE HMO FLORIDA~DTM*232*20130330~DTM*233*20130330~DTM*050*20130527~SVC*HC+99420*300*0**1~DTM*472*20130330~CAS*PR*100*300~LQ*HE*N111~CLP*787643*1*0*0**16*$TargetTrackingID*11*1~NM1*QC*1*SMITH*JANE****MI*555121234A~NM1*74*1*CAMPIONE*ADENIRIA****C*H40262112~NM1*82*1*OCANA*ANTONIO****XX*1053384214~REF*1L*0M452501~REF*CE*MEDICARE ADVANTAGE HMO FLORIDA~DTM*232*20130630~DTM*233*20120630~DTM*050*20130527~SVC*HC+99420*0*0**1~DTM*472*20120630~LQ*HE*N111~SE*61*000000266~GE*1*0~IEA*1*000001600~