ISA*00*          *00*          *14*0499441430000  *01*PAPER REMITS   *110615*0630*^*00501*000001400*1*P*+~GS*HP*049944143-0001*PAPER REMITS*20130614*06180000*0*X*005010X221A1~ST*835*000005244~BPR*H*0*C*NON************20130614~TRN*1*0078656821*16106475381~DTM*405*20130614~N1*PR*HUMANA INC.*XV*610647538~N3*P.O. BOX 14601~N4*LEXINGTON*KY*405124601~PER*BL~N1*PE*CLAY NORDQUIST MD*XX*1205062163~N3*2929 N UNIVERSITY DR STE 110~N4*CORAL SPRINGS*FL*330655047~REF*TJ*830472031~LX*1~TS3*1730207317*11*20131231*1*2000~CLP*787643*1*2000*0*2000*16*$TargetTrackingID*11*1~NM1*QC*1*ONETO*HERMINIA****MI*H40085278~NM1*74*1*ONETOR*HERMINIAK****C*H40085279~NM1*82*1*NGUYEN*KATHY****XX*1730207317~REF*1L*0R021901~REF*CE*MEDICARE ADVANTAGE PPO~DTM*232*20130330~DTM*233*20130330~DTM*050*20130526~DTM*036*20100301~SVC*HC+99213*2000*0*0024*1~DTM*472*20130220~CAS*PR*27*2000~REF*6R*1119618~SE*29*000005244~GE*1*0~IEA*1*000001400~