ISA*00*          *00*          *14*0499441430000  *01*030240928      *120623*0513*^*00501*000775505*1*P*+~GS*HP*049944143-0001*030240928*20130622*05090000*1*X*005010X221A1~ST*835*0001~BPR*I*35*C*ACH*CCP*01*31100209*DA*38153758*1391263473**01*042000314*DA*7024160397*20130623~TRN*1*111740307000222*1391263473~REF*EV*030240928~DTM*405*20130622~N1*PR*HUMANA INC.*XV*610647538~N3*P.O. BOX 14601~N4*LEXINGTON*KY*405124601~PER*BL~N1*PE*MERCY ST ANNE NW REGION*XX*1912954553~N3*PO BOX 636512~N4*CINCINNATI*OH*452630001~REF*TJ*311556401~LX*1~TS3*1912954553*13*20131231*1*45~CLP*00031503712 00A09002*1*45*35*5*16*81818181*13*1~NM1*QC*1*SMITH*KAREN****MI*H59104956~NM1*82*2*MERCY ST ANNE HOSPITAL*****XX*1912954553~REF*1L*0Q729701~REF*CE*MEDICARE ADVANTAGE PPO~DTM*232*20130401~DTM*233*20130401~DTM*050*20130621~SVC*HC+85610*45*35*0305*1~DTM*472*20130401~CAS*CO*223*5~CAS*PR*223*5~AMT*B6*40~LQ*HE*N192~SE*30*0001~GE*1*1~IEA*1*000775505~