ISA*00*          *00*          *01*GREATPLAINGROUP*01*HEALTHYLIFEPLAN*121001*1034*^*00501*000001400*1*P*+
GS*HP*GREATPLAINGROUP*HEALTHYLIFEPLAN*20161001*10260000*0*X*005010X221A1
ST*835*000000266
BPR*C*100*C*CHK************20161001
TRN*1*0078699448*1610647538
DTM*405*20161001
N1*PR*HUMANA INC.
N3*P.O. BOX 14601
N4*LEXINGTON*KY*405124601
PER*BL
N1*PE*BELLEVUE CLINIC*XX*1205062163
N3*2100 NORTHRUP
N4*BELLEVUE*WA*981019999
REF*TJ*912222222
LX*1
TS3*1053384214*11*20161231*3*100
CLP*555121234*1*100*100**16*586569788739*11*1
NM1*QC*1*SMITH*JANE****MI*555121234
NM1*82*1*SINGH*GARY****XX*1730207317
REF*CE*MEDICARE ADVANTAGE HMO FLORIDA
DTM*232*20160202
DTM*233*20160202
DTM*050*20161001
SVC*HC+99213*100*100**1
DTM*472*20160202
LQ*HE*N111
CLP*PT00001041*1*0*0**16*346289587*11*1
NM1*QC*1*CAMPIONE*ADENIRIA*S.***MI*H40262112
NM1*82*1*OCANA*ANTONIO****XX*1053384214
REF*1L*0M452501
REF*CE*MEDICARE ADVANTAGE HMO FLORIDA
DTM*232*20161111
DTM*233*20161111
DTM*050*20160527
SVC*HC+99420*0*0**1
DTM*472*20161111
LQ*HE*N111
CLP*787643*1*0*0**16*346290749*11*1
NM1*QC*1*SMITH*JANE****MI*555121234A
NM1*74*1*CAMPIONE*ADENIRIA****C*H40262112
NM1*82*1*OCANA*ANTONIO****XX*1053384214
REF*1L*0M452501
REF*CE*MEDICARE ADVANTAGE HMO FLORIDA
DTM*232*20161111
DTM*233*20161111
DTM*050*20160527
SVC*HC+99420*0*0**1
DTM*472*20161111
LQ*HE*N111
SE*48*000000266
GE*1*0
IEA*1*000001400
