ISA*00*          *00*          *01*GREATPLAINGROUP*01*HEALTHYLIFEPLAN*120630*1034*^*00501*000001400*1*P*+~GS*HP*GREATPLAINGROUP*HEALTHYLIFEPLAN*20130629*10260000*0*X*005010X221A1~ST*835*000000266~BPR*C*100*C*CHK************20130629~TRN*1*0078699031*16106475381~DTM*405*20130629~N1*PR*HUMANA INC.~N3*P.O. BOX 14601~N4*LEXINGTON*KY*405124601~PER*BL~N1*PE*BELLEVUE CLINIC*XX*1205062163~N3*2100 NORTHRUP~N4*BELLEVUE*WA*981019999~REF*TJ*912222222~LX*1~TS3*1053384214*11*20131231*3*100~CLP*555121234*1*100*100**16*346286123*11*1~NM1*QC*1*SMITH*JANE****MI*555121234~NM1*82*1*SINGH*GARY****XX*1730207317~REF*CE*MEDICARE ADVANTAGE HMO FLORIDA~DTM*232*20130330~DTM*233*20130330~DTM*050*20130301~SVC*HC+99213*100*100**1~DTM*472*20130330~LQ*HE*N111~CLP*PT00001041*1*0*0**16*346289587*11*1~NM1*QC*1*CAMPIONE*ADENIRIA*S.***MI*H40262112~NM1*82*1*OCANA*ANTONIO****XX*1053384214~REF*1L*0M452501~REF*CE*MEDICARE ADVANTAGE HMO FLORIDA~DTM*232*20130330~DTM*233*20130330~DTM*050*20130527~SVC*HC+99420*0*0**1~DTM*472*20130330~LQ*HE*N111~CLP*787643*1*0*0**16*346290749*11*1~NM1*QC*1*SMITH*JANE****MI*555121234A~NM1*74*1*CAMPIONE*ADENIRIA****C*H40262112~NM1*82*1*OCANA*ANTONIO****XX*1053384214~REF*1L*0M452501~REF*CE*MEDICARE ADVANTAGE HMO FLORIDA~DTM*232*20130330~DTM*233*20130330~DTM*050*20130527~SVC*HC+99420*0*0**1~DTM*472*20130330~LQ*HE*N111~SE*48*000000266~GE*1*0~IEA*1*000001400~