ISA*00*          *00*          *01*GREATPLAINGROUP*01*HEALTHYLIFEPLAN*110630*1034*^*00501*000001400*1*P*+~GS*HP*GREATPLAINGROUP*HEALTHYLIFEPLAN*20130629*10260000*0*X*005010X221A1~ST*835*000000266~BPR*C*2478*C*CHK************20130627~TRN*1*007869902*1610647538~DTM*405*20130629~N1*PR*HUMANA INC.~N3*P.O. BOX 14601~N4*LEXINGTON*KY*405124601~PER*BL~N1*PE*BELLEVUE CLINIC*XX*1205062163~N3*2100 NORTHRUP~N4*BELLEVUE*WA*981019999~REF*TJ*912222222~LX*1~TS3*1053384214*11*20131231*1*1239~CLP*555121234*1*2000*2000**16*$TargetTrackingID*11*1~NM1*QC*1*SMITH*JANE****MI*555121234~NM1*82*1*SINGH*GARY****XX*1730207317~REF*CE*MEDICARE ADVANTAGE HMO FLORIDA~DTM*232*20130330~DTM*233*20130330~DTM*050*20130301~SVC*HC+0001F*2000*2000*0101*1~DTM*472*20130121~REF*6R*1~LQ*HE*N111~SE*26*000000266~GE*1*0~IEA*1*000001400~